<?xml version="1.0" encoding="utf-8"?>
<record xmlns="http://www.loc.gov/MARC21/slim" xmlns:xsi="http://www.w3.org/2001/XMLSchema-instance" xsi:schemaLocation="http://www.loc.gov/MARC21/slim http://www.loc.gov/standards/marcxml/schema/MARC21slim.xsd">
	<leader>     nam a22     Mi 4500</leader>
	<controlfield tag="001">5650428</controlfield>
	<controlfield tag="003">NNC</controlfield>
	<controlfield tag="006">m        d        </controlfield>
	<controlfield tag="007">cr cn |||m|||a</controlfield>
	<controlfield tag="008">190509s1968    iq      o     000 0 ara d</controlfield>
	<datafield ind1=" " ind2=" " tag="040">
		<subfield code="a">ZYU</subfield>
		<subfield code="b">ara</subfield>
		<subfield code="e">rda</subfield>
		<subfield code="c">ZYU</subfield>
	</datafield>
	<datafield ind1=" " ind2=" " tag="043">
		<subfield code="a">a-is---</subfield>
		<subfield code="a">a-tu---</subfield>
	</datafield>
	<datafield ind1=" " ind2="4" tag="050">
		<subfield code="a">DS126.6.T35</subfield>
		<subfield code="b">A3 1968</subfield>
	</datafield>
	<datafield ind1="1" ind2=" " tag="100">
		<subfield code="6">880-01</subfield>
		<subfield code="a">Tan, M. Şahap.</subfield>
	</datafield>
	<datafield ind1="1" ind2="0" tag="240">
		<subfield code="a">İsrail zindanlarında bir Türk subayı.</subfield>
		<subfield code="l">Arabic</subfield>
	</datafield>
	<datafield ind1="1" ind2="0" tag="245">
		<subfield code="6">880-02</subfield>
		<subfield code="a">Fī zinzānāt Isrāʼīl /</subfield>
		<subfield code="c">mudhakkirāt al-naqīb al-Turkī Shihāb Ṭān ; tarjamat Ibrāhīm al-Dāqūqī.</subfield>
	</datafield>
	<datafield ind1=" " ind2=" " tag="260">
		<subfield code="6">880-03</subfield>
		<subfield code="a">Baghdād :</subfield>
		<subfield code="b">Wizārat al-Thaqāfah wa-al-Iʻlām, Mudīrīyat al-Thaqāfah al-ʻĀmmah,</subfield>
		<subfield code="c">1968.</subfield>
	</datafield>
	<datafield ind1=" " ind2=" " tag="300">
		<subfield code="a">online resource (126 pages)</subfield>
	</datafield>
	<datafield ind1=" " ind2=" " tag="336">
		<subfield code="a">text</subfield>
		<subfield code="2">rdacontent</subfield>
	</datafield>
	<datafield ind1=" " ind2=" " tag="337">
		<subfield code="a">computer</subfield>
		<subfield code="2">rdamedia</subfield>
	</datafield>
	<datafield ind1=" " ind2=" " tag="338">
		<subfield code="a">online resource</subfield>
		<subfield code="2">rdacarrier</subfield>
	</datafield>
	<datafield ind1="1" ind2=" " tag="490">
		<subfield code="6">880-04</subfield>
		<subfield code="a">Silsilat al-kutub al-mutarjamah ;</subfield>
		<subfield code="v">4</subfield>
	</datafield>
	<datafield ind1=" " ind2=" " tag="500">
		<subfield code="a">Part of the Arabic Collections Online (ACO) project, contributed by Columbia University Libraries.</subfield>
	</datafield>
	<datafield ind1=" " ind2=" " tag="533">
		<subfield code="a">Electronic reproduction.</subfield>
		<subfield code="b">New York, N.Y. :</subfield>
		<subfield code="c">New York University,</subfield>
		<subfield code="d">2019.</subfield>
		<subfield code="5">NNU</subfield>
	</datafield>
	<datafield ind1=" " ind2="0" tag="651">
		<subfield code="a">Israel</subfield>
		<subfield code="x">Relations</subfield>
		<subfield code="z">Turkey.</subfield>
	</datafield>
	<datafield ind1=" " ind2="0" tag="651">
		<subfield code="a">Turkey</subfield>
		<subfield code="x">Relations</subfield>
		<subfield code="z">Israel.</subfield>
	</datafield>
	<datafield ind1="1" ind2="0" tag="600">
		<subfield code="a">Eichmann, Adolf,</subfield>
		<subfield code="d">1906-1962</subfield>
		<subfield code="x">Trials, litigation, etc.</subfield>
	</datafield>
	<datafield ind1=" " ind2="0" tag="650">
		<subfield code="a">War crime trials</subfield>
		<subfield code="z">Jerusalem.</subfield>
	</datafield>
	<datafield ind1="1" ind2="7" tag="600">
		<subfield code="a">Eichmann, Adolf,</subfield>
		<subfield code="d">1906-1962.</subfield>
		<subfield code="2">fast</subfield>
		<subfield code="0">(OCoLC)fst00012482</subfield>
	</datafield>
	<datafield ind1=" " ind2="7" tag="650">
		<subfield code="a">International relations.</subfield>
		<subfield code="2">fast</subfield>
		<subfield code="0">(OCoLC)fst00977053</subfield>
	</datafield>
	<datafield ind1=" " ind2="7" tag="650">
		<subfield code="a">War crime trials.</subfield>
		<subfield code="2">fast</subfield>
		<subfield code="0">(OCoLC)fst01170459</subfield>
	</datafield>
	<datafield ind1=" " ind2="7" tag="651">
		<subfield code="a">Israel.</subfield>
		<subfield code="2">fast</subfield>
		<subfield code="0">(OCoLC)fst01204236</subfield>
	</datafield>
	<datafield ind1=" " ind2="7" tag="651">
		<subfield code="a">Middle East</subfield>
		<subfield code="z">Jerusalem.</subfield>
		<subfield code="2">fast</subfield>
		<subfield code="0">(OCoLC)fst01216276</subfield>
	</datafield>
	<datafield ind1=" " ind2="7" tag="651">
		<subfield code="a">Turkey.</subfield>
		<subfield code="2">fast</subfield>
		<subfield code="0">(OCoLC)fst01208963</subfield>
	</datafield>
	<datafield ind1=" " ind2="7" tag="655">
		<subfield code="a">Trials, litigation, etc.</subfield>
		<subfield code="2">fast</subfield>
		<subfield code="0">(OCoLC)fst01423712</subfield>
	</datafield>
	<datafield ind1="1" ind2=" " tag="700">
		<subfield code="6">880-05</subfield>
		<subfield code="a">Dāqūqī, Ibrāhīm.</subfield>
	</datafield>
	<datafield ind1="2" ind2=" " tag="710">
		<subfield code="a">Columbia University.</subfield>
		<subfield code="b">Libraries.</subfield>
	</datafield>
	<datafield ind1="0" ind2=" " tag="730">
		<subfield code="a">Arabic Collections Online.</subfield>
	</datafield>
	<datafield ind1="0" ind2="8" tag="776">
		<subfield code="i">Print version:</subfield>
		<subfield code="a">Tan, M. Şahap.</subfield>
		<subfield code="t">Fī zinzānāt Isrāʼīl</subfield>
		<subfield code="w">(NNC)5650428</subfield>
		<subfield code="w">(OCoLC)145510748</subfield>
	</datafield>
	<datafield ind1=" " ind2="0" tag="830">
		<subfield code="6">880-06</subfield>
		<subfield code="a">Silsilat al-kutub al-mutarjamah ;</subfield>
		<subfield code="v">4.</subfield>
	</datafield>
	<datafield ind1="4" ind2="0" tag="856">
		<subfield code="u">http://hdl.handle.net/2333.1/zpc86g8f</subfield>
	</datafield>
	<datafield ind1="1" ind2=" " tag="880">
		<subfield code="6">100-01</subfield>
		<subfield code="a">طان، م. شهاب.</subfield>
	</datafield>
	<datafield ind1="1" ind2="0" tag="880">
		<subfield code="6">245-02</subfield>
		<subfield code="a">في زنزانات إسرائيل /</subfield>
		<subfield code="c">مذکرات النقيب الترکي شهاب طان ؛ ترجمة إبراهيم الداقوقي.</subfield>
	</datafield>
	<datafield ind1=" " ind2=" " tag="880">
		<subfield code="6">260-03</subfield>
		<subfield code="a">بغداد :</subfield>
		<subfield code="b">وزارة الثقافة والإعلام، مديرية الثقافة العامة،</subfield>
		<subfield code="c">١٩٦٨.</subfield>
	</datafield>
	<datafield ind1="1" ind2=" " tag="880">
		<subfield code="6">490-04</subfield>
		<subfield code="a">سلسلة الکتب المترجمة ؛</subfield>
		<subfield code="v">٤</subfield>
	</datafield>
	<datafield ind1="1" ind2=" " tag="880">
		<subfield code="6">700-05</subfield>
		<subfield code="a">داقوقي، إبراهيم.</subfield>
	</datafield>
	<datafield ind1=" " ind2="0" tag="880">
		<subfield code="6">830-06</subfield>
		<subfield code="a">سلسلة الکتب المترجمة ؛ </subfield>
		<subfield code="v">٤.</subfield>
	</datafield>
	<datafield ind1=" " ind2=" " tag="959">
		<subfield code="a">NNU</subfield>
		<subfield code="b">WEB</subfield>
		<subfield code="c">GENI</subfield>
		<subfield code="t">0</subfield>
		<subfield code="m">Electronic access</subfield>
		<subfield code="s">01</subfield>
	</datafield>
	<datafield ind1=" " ind2=" " tag="999">
		<subfield code="i">NNC_5650428</subfield>
		<subfield code="o">(OCoLC)ocn145510748</subfield>
		<subfield code="s">columbia_aco004052</subfield>
		<subfield code="e">(ERROR-880)</subfield>
		<subfield code="s">columbia_aco004052</subfield>
	</datafield>
</record>
